@article{1,
	author = "T. W. Haynes and P. J. Slater",
	title = "Paired-Domination in Graphs",
	journal = "Networks",
	year = "1998",
	volume = "32",
	number = "3",
	pages = "199--206"
}

@inproceedings{2,
	author = "R. Raz and S. Safra",
	title = "A sub-constant error-probability low-degree test, and a sub-constant error-probability {PCP} characterization of {NP}",
	booktitle = "Proceedings of the 29th Annual ACM Symposium on Theory of Computing",
	year = "1998",
	pages = "475--484"
}

@article{3,
	author = "C.-C. Lin and H.-L. Tu",
	title = "A linear-time algorithm for paired-domination on circular-arc graphs",
	journal = "Theoretical Computer Science",
	year = "2015",
	volume = "591",
	number = "C",
	pages = "99--105"
}

